@article{blei2003latent,
  title={Latent dirichlet allocation},
  author={Blei, David M and Ng, Andrew Y and Jordan, Michael I},
  journal={Journal of machine Learning research},
  volume={3},
  number={Jan},
  pages={993--1022},
  year={2003}
}
@inproceedings{hoffman2010online,
  title={Online learning for latent dirichlet allocation},
  author={Hoffman, Matthew and Bach, Francis R and Blei, David M},
  booktitle={advances in neural information processing systems},
  pages={856--864},
  year={2010}
}
@inproceedings{anandkumar2012spectral,
  title={A spectral algorithm for latent dirichlet allocation},
  author={Anandkumar, Anima and Liu, Yi-kai and Hsu, Daniel J and Foster, Dean P and Kakade, Sham M},
  booktitle={Advances in Neural Information Processing Systems},
  pages={917--925},
  year={2012}
}
@inproceedings{krestel2009latent,
  title={Latent dirichlet allocation for tag recommendation},
  author={Krestel, Ralf and Fankhauser, Peter and Nejdl, Wolfgang},
  booktitle={Proceedings of the third ACM conference on Recommender systems},
  pages={61--68},
  year={2009},
  organization={ACM}
}
@article{kim2014twilite,
  title={TWILITE: A recommendation system for Twitter using a probabilistic model based on latent Dirichlet allocation},
  author={Kim, Younghoon and Shim, Kyuseok},
  journal={Information Systems},
  volume={42},
  pages={59--77},
  year={2014},
  publisher={Elsevier}
}
@inproceedings{rosen2004author,
  title={The author-topic model for authors and documents},
  author={Rosen-Zvi, Michal and Griffiths, Thomas and Steyvers, Mark and Smyth, Padhraic},
  booktitle={Proceedings of the 20th conference on Uncertainty in artificial intelligence},
  pages={487--494},
  year={2004},
  organization={AUAI Press}
}
@inproceedings{steyvers2004probabilistic,
  title={Probabilistic author-topic models for information discovery},
  author={Steyvers, Mark and Smyth, Padhraic and Rosen-Zvi, Michal and Griffiths, Thomas},
  booktitle={Proceedings of the tenth ACM SIGKDD international conference on Knowledge discovery and data mining},
  pages={306--315},
  year={2004},
  organization={ACM}
}
@article{mccallum2005author,
  title={The author-recipient-topic model for topic and role discovery in social networks: Experiments with enron and academic email},
  author={McCallum, Andrew and Corrada-Emmanuel, Andr{\'e}s and Wang, Xuerui},
  year={2005}
}
@article{rosen2010learning,
  title={Learning author-topic models from text corpora},
  author={Rosen-Zvi, Michal and Chemudugunta, Chaitanya and Griffiths, Thomas and Smyth, Padhraic and Steyvers, Mark},
  journal={ACM Transactions on Information Systems (TOIS)},
  volume={28},
  number={1},
  pages={4},
  year={2010},
  publisher={ACM}
}
@article{jiang2015author,
  title={Author topic model-based collaborative filtering for personalized POI recommendations},
  author={Jiang, Shuhui and Qian, Xueming and Shen, Jialie and Fu, Yun and Mei, Tao},
  journal={IEEE Transactions on Multimedia},
  volume={17},
  number={6},
  pages={907--918},
  year={2015},
  publisher={IEEE}
}
@inproceedings{blei2006dynamic,
  title={Dynamic topic models},
  author={Blei, David M and Lafferty, John D},
  booktitle={Proceedings of the 23rd international conference on Machine learning},
  pages={113--120},
  year={2006},
  organization={ACM}
}
@article{wang2012continuous,
  title={Continuous time dynamic topic models},
  author={Wang, Chong and Blei, David and Heckerman, David},
  journal={arXiv preprint arXiv:1206.3298},
  year={2012}
}
@inproceedings{iwata2009topic,
  title={Topic Tracking Model for Analyzing Consumer Purchase Behavior.},
  author={Iwata, Tomoharu and Watanabe, Shinji and Yamada, Takeshi and Ueda, Naonori},
  booktitle={IJCAI},
  volume={9},
  pages={1427--1432},
  year={2009}
}
@article{canny2006dynamic,
  title={A dynamic topic model for document segmentation},
  author={Canny, John F and Rattenbury, Tye Lawrence},
  journal={EECS Department, University of California, Berkeley, Tech. Rep},
  year={2006}
}
@inproceedings{iwata2010online,
  title={Online multiscale dynamic topic models},
  author={Iwata, Tomoharu and Yamada, Takeshi and Sakurai, Yasushi and Ueda, Naonori},
  booktitle={Proceedings of the 16th ACM SIGKDD international conference on Knowledge discovery and data mining},
  pages={663--672},
  year={2010},
  organization={ACM}
}
@inproceedings{wang2006topics,
  title={Topics over time: a non-Markov continuous-time model of topical trends},
  author={Wang, Xuerui and McCallum, Andrew},
  booktitle={Proceedings of the 12th ACM SIGKDD international conference on Knowledge discovery and data mining},
  pages={424--433},
  year={2006},
  organization={ACM}
}
@article{ferguson1973bayesian,
  title={A Bayesian analysis of some nonparametric problems},
  author={Ferguson, Thomas S},
  journal={The annals of statistics},
  pages={209--230},
  year={1973},
  publisher={JSTOR}
}
@book{jeffrey2008handbook,
  title={Handbook of mathematical formulas and integrals},
  author={Jeffrey, Alan and Dai, Hui Hui},
  year={2008},
  publisher={Academic Press}
}
@article{geiger2013d,
  title={d-separation: From theorems to algorithms},
  author={Geiger, Dan and Verma, Tom S and Pearl, Judea},
  journal={arXiv preprint arXiv:1304.1505},
  year={2013}
}
@article{gilks1996introducing,
  title={Introducing markov chain monte carlo},
  author={Gilks, Walter R and Richardson, Sylvia and Spiegelhalter, David J},
  journal={Markov chain Monte Carlo in practice},
  volume={1},
  pages={19},
  year={1996},
  publisher={London: Chapman and Hall}
}
@inproceedings{dubey2013nonparametric,
  title={A Nonparametric Mixture Model for Topic Modeling over Time.},
  author={Dubey, Avinava and Hefny, Ahmed and Williamson, Sinead and Xing, Eric P},
  booktitle={SDM},
  pages={530--538},
  year={2013},
  organization={SIAM}
}
@inproceedings{malik2013topicflow,
  title={Topicflow: visualizing topic alignment of twitter data over time},
  author={Malik, Sana and Smith, Alison and Hawes, Timothy and Papadatos, Panagis and Li, Jianyu and Dunne, Cody and Shneiderman, Ben},
  booktitle={Proceedings of the 2013 IEEE/ACM international conference on advances in social networks analysis and mining},
  pages={720--726},
  year={2013},
  organization={ACM}
}
@inproceedings{hall2008studying,
  title={Studying the history of ideas using topic models},
  author={Hall, David and Jurafsky, Daniel and Manning, Christopher D},
  booktitle={Proceedings of the conference on empirical methods in natural language processing},
  pages={363--371},
  year={2008},
  organization={Association for Computational Linguistics}
}
@inproceedings{thomas2010validating,
  title={Validating the use of topic models for software evolution},
  author={Thomas, Stephen W and Adams, Bram and Hassan, Ahmed E and Blostein, Dorothea},
  booktitle={Source Code Analysis and Manipulation (SCAM), 2010 10th IEEE Working Conference on},
  pages={55--64},
  year={2010},
  organization={IEEE}
}
@misc{minka2000estimating,
  title={Estimating a Dirichlet distribution},
  author={Minka, Thomas},
  year={2000},
  publisher={Technical report, MIT}
}